<record><leader>00000cas a2200000 a 4500</leader><controlfield tag="001">17389419</controlfield><controlfield tag="008">880125d19091916waudr ne      0    0eng d</controlfield><datafield ind1=" " ind2=" " tag="010"><subfield code="a">sn 88085398 </subfield></datafield><datafield ind1=" " ind2=" " tag="040"><subfield code="a">SLZ</subfield><subfield code="b">eng</subfield><subfield code="c">SLZ</subfield><subfield code="d">OCL</subfield><subfield code="d">OCLCQ</subfield><subfield code="d">OCLCF</subfield><subfield code="d">OCLCO</subfield></datafield><datafield ind1="1" ind2=" " tag="029"><subfield code="a">AU@</subfield><subfield code="b">000025816139</subfield></datafield><datafield ind1=" " ind2=" " tag="042"><subfield code="a">msc</subfield></datafield><datafield ind1=" " ind2=" " tag="043"><subfield code="a">n-us-wa</subfield></datafield><datafield ind1="0" ind2="0" tag="245"><subfield code="a">Evening and Sunday morning bulletin.</subfield></datafield><datafield ind1="3" ind2="0" tag="246"><subfield code="a">Sunday morning bulletin</subfield></datafield><datafield ind1="3" ind2="0" tag="246"><subfield code="a">Evening and Sunday morning bulletin and Saturday record</subfield></datafield><datafield ind1=" " ind2=" " tag="260"><subfield code="a">Walla Walla, Wash. :</subfield><subfield code="b">Bulletin Print. Co.</subfield></datafield><datafield ind1=" " ind2=" " tag="300"><subfield code="a">v.</subfield></datafield><datafield ind1=" " ind2=" " tag="310"><subfield code="a">Daily</subfield></datafield><datafield ind1=" " ind2=" " tag="500"><subfield code="a">On Sundays publised as: Sunday morning bulletin.</subfield></datafield><datafield ind1=" " ind2=" " tag="500"><subfield code="a">On Saturdays published as: Evening and Sunday morning bulletin and Saturday record, Feb. 19, 1910-</subfield></datafield><datafield ind1=" " ind2=" " tag="588"><subfield code="a">Description based on: Vol. 4, no. 304 (Jan. 1, 1910).</subfield></datafield><datafield ind1=" " ind2="0" tag="651"><subfield code="a">Walla Walla (Wash.)</subfield><subfield code="v">Newspapers.</subfield></datafield><datafield ind1=" " ind2="7" tag="655"><subfield code="a">Newspapers.</subfield><subfield code="2">fast</subfield><subfield code="0">(OCoLC)fst01423814</subfield></datafield><datafield ind1=" " ind2="7" tag="651"><subfield code="a">Washington (State)</subfield><subfield code="z">Walla Walla.</subfield><subfield code="2">fast</subfield><subfield code="0">(OCoLC)fst01208940</subfield></datafield><datafield ind1=" " ind2=" " tag="752"><subfield code="a">United States</subfield><subfield code="b">Washington</subfield><subfield code="c">Walla Walla</subfield><subfield code="d">Walla Walla.</subfield></datafield><datafield ind1="0" ind2="0" tag="780"><subfield code="t">Evening bulletin (Walla Walla, Wash.)</subfield><subfield code="w">(DLC)sn 88085397</subfield></datafield><datafield ind1="0" ind2="5" tag="780"><subfield code="t">Saturday record (Walla Walla, Wash.)</subfield><subfield code="g">Feb. 1910</subfield><subfield code="w">(DLC)sn 88085399</subfield></datafield><datafield ind1="0" ind2="0" tag="785"><subfield code="t">Walla Walla bulletin</subfield><subfield code="w">(DLC)sn 90099729</subfield></datafield></record>